% Filename: referencias.bib
%
% This code is part of 'MT404 2012s2'
% 
% Description: Referencias used.
% 
% Created: 22.08.12 07:25:12 AM
% Last Change: 22.08.12 07:25:12 AM
% 
% Author:
% - Raniere Silva, <r.gaia.cs@gmail.com>
% 
% Copyright (c) 2012, Raniere Silva. All rights reserved.
% 
% Except otherwise noted, this work is licensed under the Creative
% Commons Attribution-ShareAlike 3.0 Unported License. To view a copy of
% this license, visit http://creativecommons.org/licenses/by-sa/3.0/ or
% send a letter to Creative Commons, 444 Castro Street, Suite 900,
% Mountain View, California, 94041, USA.
%
% This work is distributed in the hope that it will be useful, but
% WITHOUT ANY WARRANTY; without even the implied warranty of
% MERCHANTABILITY or FITNESS FOR A PARTICULAR PURPOSE.
%

@MISC{Raniere-2012-MT404Proj05,
    author = {Raniere Gaia Costa da Silva},
    title = {Projeto No.5 de MT404},
    year = {2012},
    note = {\url{https://github.com/r-gaia-cs/mt404-2012s2}},
}

@Misc{SciPy,
    author = {Eric Jones and Travis Oliphant and Pearu Peterson and others},
    title = {{SciPy}: Open source scientific tools for {Python}},
    year = {2001--},
    note = {\url{http://www.scipy.org/}}
}

@BOOK{LAPACK,
      author = {Anderson, E. and Bai, Z. and Bischof, C. and
                Blackford, S. and Demmel, J. and Dongarra, J. and
                Du Croz, J. and Greenbaum, A. and Hammarling, S. and
                McKenney, A. and Sorensen, D.},
      title = {{LAPACK} Users' Guide},
      edition = {Third},
      publisher = {Society for Industrial and Applied Mathematics},
      year = {1999},
      address = {Philadelphia, PA},
      isbn = {0-89871-447-8 (paperback)}
}
